@INPROCEEDINGS{Wandee,
	author={Aunsa-Ard, Wandee and Kerdcharoen, Teerakiat},
	booktitle={2022 14th International Conference on Knowledge and Smart Technology (KST)}, 
	title={Electronic Nose for Analysis of Coffee Beans Obtained from Different Altitudes and Origin}, 
	year={2022},
	pages={147-151},
	doi={10.1109/KST53302.2022.9729071}}

@INPROCEEDINGS{Kodali,
	author={Kodali, Ravi Kishore and Soratkal, SreeRamya and Boppana, Lakshmi},
	booktitle={2016 International Conference on Computing, Communication and Automation (ICCCA)}, 
	title={WSN in coffee cultivation}, 
	year={2016},
	pages={661-666},
	doi={10.1109/CCAA.2016.7813804}}

@mastersthesis{Canon,
	author={Cañón Hernández, Myriam},
	title={Determinación de las necesidades hídricas en un cultivo de café, en etapa productiva, con base en el conocimiento del balance hídrico},
	type={{B.S.} thesis},
	school = {Universidad de Manizales},
	year={2019},
	pages = {76},
	url={https://ridum.umanizales.edu.co/xmlui/handle/20.500.12746/3627}
}

@mastersthesis{Dominguez,
	title={Diseño de una red de sensores inalámbricos LPWAN para el monitoreo de cultivos y materia orgánica en la granja experimental La Pradera de la Universidad Técnica del Norte},
	author={Domínguez Pasquel, Andrea Karolina},
	type={{B.S.} thesis},
	year={2020},
	school={Universidad Técnica del Norte},
	url={http://repositorio.utn.edu.ec/handle/123456789/10297}
}


@article{Ching,
	title={Monitoreo de parámetros ambientales en casas de cultivo a través de aplicación IoT}, 
	volume={1}, 
	url={https://rctd.uic.cu/rctd/article/view/46},
	number={1}, 
	journal={Revista Cubana de Transformación Digital}, 
	author={Santana Ching, Iván and Cárdenas Rivero, Arturo Javier and Sosa López, Richar and Portal Díaz, Jorge Armando}, 
	year={2020}, 
	month={abr.}, 
	pages={53-62} 
}

@mastersthesis{Plazas,
	title={Adquisición de datos para el monitoreo remoto de variables de un cultivo vertical a trav{\'e}s de una plataforma loT},
	author={Plazas Olaya, Maria Katherine},
	year={2020},
	publisher={Medellín, Colombia},
	url = {https://hdl.handle.net/10495/17203},
	school={Universidad de Antioquia}
}


@mastersthesis{Barrionuevo,
	title={Implementación de un sistema de monitoreo remoto y de control para la mayor eficiencia en un cultivo de tomates cherry por hidroponía en sustrato preparado, en el cono sur de Arequipa},
	author={Barrionuevo Apaza, Henry Dick},
	year={2020},
	publisher={Universidad Nacional de San Agustín de Arequipa},
	school={Universidad Nacional de San Augustín de Arequipa},
	url={http://hdl.handle.net/20.500.12773/12292}
}


@article{Quico, 
	title={Framework for monitoring the temperature of aquaculture crops based on IOT}, 
	volume={88}, 
	url={https://revistas.unal.edu.co/index.php/dyna/article/view/90626}, 
	DOI={10.15446/dyna.v88n218.90626},  
	number={218}, 
	journal={DYNA}, 
	author={Arteaga Quico, Alisson Diane and Wong Portllo, Lenis Rossi}, 
	year={2021}, 
	month={jul.}, 
	pages={239-246} 
}

@misc{Cadena,
	author={Cadena Chavarro, Carlos Daniel and Pulido Feo, Leidy Carolina and others},
	title = {WSN para el monitoreo continuo de variables ambientales},
	year = {2021},
	url = {http://hdl.handle.net/10554/62006},
	school={Pontifia Universidad Javeriana}
}

